<record><leader>01400cam a2200349 i 45 0</leader><controlfield tag="001">6849506</controlfield><controlfield tag="003">OCoLC</controlfield><controlfield tag="005">20150306121848.0</controlfield><controlfield tag="008">141208s2015    nyua     b    001 0 eng d</controlfield><datafield ind1=" " ind2=" " tag="020"><subfield code="a">9781455548583</subfield></datafield><datafield ind1=" " ind2=" " tag="020"><subfield code="a">1455548588</subfield></datafield><datafield ind1=" " ind2=" " tag="035"><subfield code="a">ocn900011041</subfield></datafield><datafield ind1=" " ind2=" " tag="040"><subfield code="a">YDXCP</subfield><subfield code="b">eng</subfield><subfield code="e">rda</subfield><subfield code="c">YDXCP</subfield><subfield code="d">OCLCO</subfield><subfield code="d">MNW</subfield><subfield code="d">AFMK</subfield></datafield><datafield ind1=" " ind2="4" tag="050"><subfield code="a">QA76.9.S88</subfield><subfield code="b">M55 2015</subfield></datafield><datafield ind1="0" ind2="4" tag="082"><subfield code="a">004.2/1</subfield><subfield code="2">23</subfield></datafield><datafield ind1=" " ind2=" " tag="090"><subfield code="a">QA 76.9 S88 M55 2015</subfield><subfield code="b">AFMK</subfield></datafield><datafield ind1="1" ind2=" " tag="100"><subfield code="a">Miller, Luke,</subfield><subfield code="e">author.</subfield></datafield><datafield ind1="1" ind2="4" tag="245"><subfield code="a">The practitioner's guide to user experience design /</subfield><subfield code="c">Luke Miller.</subfield></datafield><datafield ind1="3" ind2="0" tag="246"><subfield code="a">User experience design</subfield></datafield><datafield ind1=" " ind2=" " tag="250"><subfield code="a">First edition.</subfield></datafield><datafield ind1=" " ind2="1" tag="264"><subfield code="a">New York :</subfield><subfield code="b">Grand Central Publishing,</subfield><subfield code="c">2015.</subfield></datafield><datafield ind1=" " ind2=" " tag="300"><subfield code="a">viii, 181 pages :</subfield><subfield code="b">illustrations ;</subfield><subfield code="c">22 cm</subfield></datafield><datafield ind1=" " ind2=" " tag="336"><subfield code="a">text</subfield><subfield code="b">txt</subfield><subfield code="2">rdacontent</subfield></datafield><datafield ind1=" " ind2=" " tag="337"><subfield code="a">unmediated</subfield><subfield code="b">n</subfield><subfield code="2">rdamedia</subfield></datafield><datafield ind1=" " ind2=" " tag="338"><subfield code="a">volume</subfield><subfield code="b">nc</subfield><subfield code="2">rdacarrier</subfield></datafield><datafield ind1=" " ind2=" " tag="504"><subfield code="a">Includes bibliographical references and index.</subfield></datafield><datafield ind1="0" ind2=" " tag="505"><subfield code="a">Seeing through users' eyes -- Creativity loves constraints -- Interface designs are the facial expressions of digital products -- Innovation is not for innovation's sake -- Good UX comes from being open to input.</subfield></datafield><datafield ind1=" " ind2="0" tag="650"><subfield code="a">User-centered system design.</subfield></datafield><datafield ind1=" " ind2="0" tag="650"><subfield code="a">Computer software</subfield><subfield code="x">Development.</subfield></datafield><datafield ind1=" " ind2="0" tag="650"><subfield code="a">Consumer satisfaction.</subfield></datafield><datafield ind1=" " ind2=" " tag="596"><subfield code="a">8</subfield></datafield><datafield ind1=" " ind2=" " tag="926"><subfield code="a">QA 76.9 S88 M55 2015</subfield><subfield code="w">LC</subfield><subfield code="c">1</subfield><subfield code="i">34917001374896</subfield><subfield code="l">ON_SHELF</subfield><subfield code="m">KEYANO</subfield><subfield code="p">$18.20</subfield><subfield code="r">Y</subfield><subfield code="s">Y</subfield><subfield code="t">BOOK</subfield><subfield code="u">3/6/2015</subfield><subfield code="o">.STAFF. Rec'd Apr/15 MW</subfield></datafield></record>